<?xml version="1.0" encoding="UTF-8"?><record xmlns="http://www.loc.gov/MARC21/slim" xmlns:cinclude="http://apache.org/cocoon/include/1.0" xmlns:zs="http://www.loc.gov/zing/srw/">
  <leader>00500cz  a2200133n  4500</leader>
  <controlfield tag="001">n  87887924 </controlfield>
  <controlfield tag="003">DLC</controlfield>
  <controlfield tag="005">19940622090036.7</controlfield>
  <controlfield tag="008">880516n| acannaab|          |n aaa |||  </controlfield>
  <datafield tag="010" ind1=" " ind2=" ">
    <subfield code="a">n  87887924 </subfield>
  </datafield>
  <datafield tag="040" ind1=" " ind2=" ">
    <subfield code="a">DLC</subfield>
    <subfield code="c">DLC</subfield>
    <subfield code="d">DLC</subfield>
  </datafield>
  <datafield tag="100" ind1="1" ind2="0">
    <subfield code="a">Heise, Lori</subfield>
  </datafield>
  <datafield tag="670" ind1=" " ind2=" ">
    <subfield code="a">Postel, S. Reforesting the earth, c1988:</subfield>
    <subfield code="b">t.p. (Lori Heise) p. 66 (researcher, Worldwatch Inst., Washington, DC)</subfield>
  </datafield>
  <datafield tag="670" ind1=" " ind2=" ">
    <subfield code="a">Violence against women, 1994:</subfield>
    <subfield code="b">CIP t.p. (Lori L. Heise) data sh. (b. 5\3\61) galley (Pacific Inst. for Women's Health)</subfield>
  </datafield>
</record>